@Manual{R,
    title = {R: A Language and Environment for Statistical Computing},
    author = {{R Core Team}},
    organization = {R Foundation for Statistical Computing},
    address = {Vienna, Austria},
    year = {2021},
    url = {https://www.R-project.org/},
}

@Article{tidyverse,
    title = {Welcome to the {tidyverse}},
    author = {Hadley Wickham and Mara Averick and Jennifer Bryan and Winston Chang and Lucy D'Agostino McGowan and Romain François and Garrett Grolemund and Alex Hayes and Lionel Henry and Jim Hester and Max Kuhn and Thomas Lin Pedersen and Evan Miller and Stephan Milton Bache and Kirill Müller and Jeroen Ooms and David Robinson and Dana Paige Seidel and Vitalie Spinu and Kohske Takahashi and Davis Vaughan and Claus Wilke and Kara Woo and Hiroaki Yutani},
    year = {2019},
    journal = {Journal of Open Source Software},
    volume = {4},
    number = {43},
    pages = {1686},
    note = {R package version 2.0.0},
    url = {https://www.doi.org/10.21105/joss.01686},
  }

@Manual{minpack.lm,
    title = {minpack.lm: R Interface to the Levenberg-Marquardt Nonlinear Least-Squares
Algorithm Found in MINPACK, Plus Support for Bounds},
    author = {Timur V. Elzhov and Katharine M. Mullen and Andrej-Nikolai Spiess and Ben Bolker},
    year = {2023},
    note = {R package version 1.2-4},
    url = {https://CRAN.R-project.org/package=minpack.lm},
  }


@article{levins_strategy_2023,
	title = {The strategy of model building in population biology},
	language = {en},
	journal = {American Scientist},
	author = {Levins, Richard},
	year = {1966},
    volume = {54},
    number = {4},
    pages = {421--431},
    url = {https://www.jstor.org/stable/27836590}
}

@article{johnson_model_2004,
	title = {Model selection in ecology and evolution},
	volume = {19},
	issn = {01695347},
	url = {https://linkinghub.elsevier.com/retrieve/pii/S0169534703003458},
	doi = {10.1016/j.tree.2003.10.013},
	language = {en},
	number = {2},
	urldate = {2023-11-10},
	journal = {Trends in Ecology \& Evolution},
	author = {Johnson, Jerald B. and Omland, Kristian S.},
	month = feb,
	year = {2004},
	pages = {101--108},
	file = {Johnson_and_Omland_2004.pdf:/home/tianle/Documents/CMEECourseWork/week6/lectures/Johnson_and_Omland_2004.pdf:application/pdf},
}


@article{pitt_when_2002,
	title = {When a good fit can be bad},
	volume = {6},
	issn = {1364-6613, 1879-307X},
	url = {https://www.cell.com/trends/cognitive-sciences/abstract/S1364-6613(02)01964-2},
	doi = {10.1016/S1364-6613(02)01964-2},
	language = {English},
	number = {10},
	urldate = {2023-11-28},
	journal = {Trends in Cognitive Sciences},
	author = {Pitt, Mark A. and Myung, In Jae},
	month = oct,
	year = {2002},
	pmid = {12413575},
	keywords = {Cognitive Science, generalizability, goodness of fit, mathematical modeling, minimum description length, model complexity, model selection},
	pages = {421--425},
	file = {Full Text PDF:/home/tianle/snap/zotero-snap/common/Zotero/storage/4FYY7KS8/Pitt and Myung - 2002 - When a good fit can be bad.pdf:application/pdf},
}

@article{peleg_modeling_1997,
	title = {Modeling microbial populations with the original and modified versions of the continuous and discrete logistic equations},
	volume = {37},
	issn = {1040-8398},
	url = {https://doi.org/10.1080/10408399709527785},
	doi = {10.1080/10408399709527785},
	number = {5},
	urldate = {2023-11-29},
	journal = {Critical Reviews in Food Science and Nutrition},
	author = {Peleg, Micha and Shetty, Kalidas},
	month = aug,
	year = {1997},
	pmid = {9315435},
	note = {Publisher: Taylor \& Francis
\_eprint: https://doi.org/10.1080/10408399709527785},
	keywords = {fermentation, Fermi's equation, food poisoning, Gompertz model, population dynamics, population explosions, predictive microbiology, survival curves, tissue culture},
	pages = {471--490},
	file = {Full Text PDF:/home/tianle/snap/zotero-snap/common/Zotero/storage/S79FZUCB/Peleg and Shetty - 1997 - Modeling microbial populations with the original a.pdf:application/pdf},
}

@article{peleg_microbial_2011,
	title = {Microbial {Growth} {Curves}: {What} the {Models} {Tell} {Us} and {What} {They} {Cannot}},
	volume = {51},
	issn = {1040-8398},
	shorttitle = {Microbial {Growth} {Curves}},
	url = {https://doi.org/10.1080/10408398.2011.570463},
	doi = {10.1080/10408398.2011.570463},
	number = {10},
	urldate = {2023-11-29},
	journal = {Critical Reviews in Food Science and Nutrition},
	author = {Peleg, Micha and Corradini, Maria G.},
	month = dec,
	year = {2011},
	pmid = {21955092},
	note = {Publisher: Taylor \& Francis
\_eprint: https://doi.org/10.1080/10408398.2011.570463},
	keywords = {Gompertz model, growth rate, kinetics, lag time, Logistic growth, Verhulst's equation},
	pages = {917--945},
	file = {Full Text PDF:/home/tianle/snap/zotero-snap/common/Zotero/storage/9AH6LS9G/Peleg and Corradini - 2011 - Microbial Growth Curves What the Models Tell Us a.pdf:application/pdf},
}

@article{zwietering_modeling_1990,
	title = {Modeling of the {Bacterial} {Growth} {Curve}},
	volume = {56},
	issn = {0099-2240},
	url = {https://www.ncbi.nlm.nih.gov/pmc/articles/PMC184525/},
	number = {6},
	urldate = {2023-11-30},
	journal = {Applied and Environmental Microbiology},
	author = {Zwietering, M. H. and Jongenburger, I. and Rombouts, F. M. and van 't Riet, K.},
	month = jun,
	year = {1990},
	pmid = {16348228},
	pmcid = {PMC184525},
	pages = {1875--1881},
	file = {PubMed Central Full Text PDF:/home/tianle/snap/zotero-snap/common/Zotero/storage/LQPTES2W/Zwietering et al. - 1990 - Modeling of the Bacterial Growth Curve.pdf:application/pdf},
}

@article{covid,
	title = {Predicting of the {Coronavirus} {Disease} 2019 ({COVID}-19) {Epidemic} {Using} {Estimation} of {Parameters} in the {Logistic} {Growth} {Model}},
	volume = {13},
	copyright = {http://creativecommons.org/licenses/by/3.0/},
	issn = {2036-7449},
	url = {https://www.mdpi.com/2036-7449/13/2/46},
	doi = {10.3390/idr13020046},
	language = {en},
	number = {2},
	urldate = {2023-11-30},
	journal = {Infectious Disease Reports},
	author = {Kartono, Agus and Wahyudi, Setyanto Tri and Setiawan, Ardian Arif and Sofian, Irmansyah},
	month = jun,
	year = {2021},
	keywords = {COVID-19, epidemic, least-squares, logistic model, prediction},
	pages = {465--485},
	file = {Full Text PDF:/home/tianle/snap/zotero-snap/common/Zotero/storage/LX2SFKXJ/Kartono et al. - 2021 - Predicting of the Coronavirus Disease 2019 (COVID-.pdf:application/pdf},
}

@article{orangutan,
	title = {The estimation of demographic parameters and a growth model for {Tapanuli} orangutan in the {Batang} {Toru} {Landscape}, {South} {Tapanuli} {Regency}, {Indonesia}},
	volume = {31},
	issn = {2351-9894},
	url = {https://www.sciencedirect.com/science/article/pii/S2351989421003826},
	doi = {10.1016/j.gecco.2021.e01832},
	urldate = {2023-11-30},
	journal = {Global Ecology and Conservation},
	author = {Kuswanda, Wanda and Alikodra, Hadi S. and Margules, Chris and Supriatna, Jatna},
	month = nov,
	year = {2021},
	keywords = {Conservation, Life table, Population, Sumatera},
	pages = {e01832},
	file = {ScienceDirect Snapshot:/home/tianle/snap/zotero-snap/common/Zotero/storage/Z3TZ4PEP/S2351989421003826.html:text/html},
}

@article{burnham&Anderson_2004,
	title = {Multimodel {Inference}: {Understanding} {AIC} and {BIC} in {Model} {Selection}},
	volume = {33},
	url = {https://doi.org/10.1177/0049124104268644},
	number = {2},
	urldate = {2023-12-01},
	journal = {Sociological Methods \& Research},
	author = {Burnham, Kenneth P. and Anderson, David R.},
	year = {2004},
	pages = {167--312},
	file = {Multimodel Inference\: Understanding AIC and BIC in Model Selection - Kenneth P. Burnham, David R. Anderson, 2004:/home/tianle/snap/zotero-snap/common/Zotero/storage/WEIJJD4L/0049124104268644.html:text/html},
}

@article{transtrum_bridging_2016,
	title = {Bridging {Mechanistic} and {Phenomenological} {Models} of {Complex} {Biological} {Systems}},
	volume = {12},
	issn = {1553-7358},
	url = {https://journals.plos.org/ploscompbiol/article?id=10.1371/journal.pcbi.1004915},
	doi = {10.1371/journal.pcbi.1004915},
	language = {en},
	number = {5},
	urldate = {2023-12-01},
	journal = {PLOS Computational Biology},
	author = {Transtrum, Mark K. and Qiu, Peng},
	month = may,
	year = {2016},
	note = {Publisher: Public Library of Science},
	keywords = {Algebraic topology, Approximation methods, Differential equations, EGFR signaling, Eigenvalues, Geodesics, Manifolds, Systems biology},
	pages = {e1004915},
	file = {Full Text PDF:/home/tianle/snap/zotero-snap/common/Zotero/storage/BEIB4SWY/Transtrum and Qiu - 2016 - Bridging Mechanistic and Phenomenological Models o.pdf:application/pdf},
}

@article{cod_1996,
	title = {Lessons for stock assessment from the northern cod collapse},
	volume = {6},
	issn = {1573-5184},
	url = {https://doi.org/10.1007/BF00182340},
	doi = {10.1007/BF00182340},
	language = {en},
	number = {2},
	urldate = {2023-12-01},
	journal = {Reviews in Fish Biology and Fisheries},
	author = {Walters, Carl and Maguire, Jean-Jacques},
	month = jun,
	year = {1996},
	keywords = {Assessment Science, Harvest Rate, Regulatory Option, Stock Assessment, Stock Size},
	pages = {125--137},
	file = {Full Text PDF:/home/tianle/snap/zotero-snap/common/Zotero/storage/EEX3H8FL/Walters and Maguire - 1996 - Lessons for stock assessment from the northern cod.pdf:application/pdf},
}

@article{whiting_quantitative_1992,
	title = {A quantitative model for bacterial growth and decline},
	volume = {9},
	journal = {Food Microbiology},
	author = {Whiting, R. C and Cygnarowicz-Provost, M.},
	year = {1992},
	pages = {267--277},
}

  @Manual{patchwork,
    title = {patchwork: The Composer of Plots},
    author = {Thomas Lin Pedersen},
    year = {2023},
    note = {R package version 1.1.3},
    url = {https://CRAN.R-project.org/package=patchwork},
  }